3359 5075
343 524 408 594 190
503 486 749 587 numm.
768 490 811 575 de
825 516 950 597 nexu,
974 493 1048 601 pm'
1060 489 1204 577 obtinet
1245 498 1364 629 §.35-5.

346 718 351 731 ·
392 673 453 756 est,
480 675 554 739 dum
571 672 695 756 quaeuis
711 671 775 739 iere
792 671 931 759 corporis
942 671 1037 739 nostri
1051 671 1183 741 anione
1197 674 1355 744 mechani-

392 795 427 840 ce
446 772 655 857 explicantur,
681 772 713 837 δι
733 771 900 859 propolitin
912 771 939 855 p.
953 773 1115 863 praesentis
1132 771 1230 841 nihilo
1245 775 1352 842 minus

391 870 529 939 veracli.
570 871 691 937 Modus
704 869 797 956 igitur
810 870 964 946 indicabo,
984 871 1098 953 quibus
1110 871 1144 938 id
1158 872 1224 939 lieri
1238 875 1350 957 potest.

391 974 431 1039 H
452 969 552 1055 primo
575 970 700 1053 quidem
720 989 873 1045 erramus,
894 970 970 1037 dum
981 989 1024 1034 ex
1035 969 1113 1037 falls
1127 968 1349 1058 hypothelibns

344 1140 346 1145 ,
378 1069 618 1147 ,ῐιιίυείηαιιιυτ,
631 1067 714 1150 quod
728 1082 842 1144 tamen,
856 1067 929 1133 licet
941 1088 996 1152 per
1008 1080 1056 1135 tot
1068 1070 1184 1135 saecula
1197 1090 1268 1137 mos
1284 1074 1349 1138 lue·

385 1167 448 1251 sit,
471 1166 563 1249 hndic
585 1164 686 1231 minus
711 1164 878 1242 familinle,
907 1166 1117 1250 ceteternquin
1142 1168 1213 1235 satis
1234 1183 1347 1239 notum

279 1340 281 1345 ,
388 1267 447 1345 est,
460 1266 495 1331 δι
511 1263 596 1330 cuius
610 1268 785 1349 exemplum
799 1264 956 1356 egregium
969 1262 1094 1330 exhibet
1108 1266 1214 1356 magni
1228 1292 1348 1338 nonn-

335 1382 342 1389 ·
388 1385 539 1447 unnim
574 1360 643 1431 filla
662 1363 815 1449 machine,
852 1384 912 1446 qua
931 1375 1094 1451 perpetuus
1115 1365 1220 1432 cordis
1241 1381 1347 1435 metue

376 1486 451 1550 -npe
474 1461 561 1527 nerui
575 1461 733 1548 compresss
753 1461 971 1547 explicabatur.
1023 1463 1112 1531 Alius
1126 1485 1205 1531 veno
1220 1469 1346 1546 modus,

389 1577 471 1628 certe
491 1560 522 1626 in
536 1562 684 1628 medicina
699 1562 868 1627 admodum
883 1559 1057 1641 familiaris,
1074 1564 1108 1631 cle
1120 1564 1240 1633 euitatu
1254 1570 1345 1654 longe

388 1658 562 1738 difficilior,
586 1659 645 1739 est,
670 1660 744 1727 dum
764 1658 839 1725 nihil
861 1659 986 1745 quidem
1007 1660 1243 1750 hypotheticum
1263 1664 1345 1753 lingi-

319 1808 324 1817 ·
386 1780 474 1836 mus,
510 1761 561 1826 sed
579 1781 637 1845 pro
658 1759 749 1824 causis
776 1757 1059 1844 pha'enomenornm
1079 1760 1258 1829 alliimimns
1272 1782 1344 1828 vere

388 1860 564 1937 obstruam,
587 1856 854 1949 sedtaliapquae,
877 1856 951 1924 licet
969 1859 1026 1925 sub
1047 1860 1137 1927 certis
1159 1860 1344 1933 conditioni-

387 1960 465 2037 bus,
493 1957 621 2024 anobis
642 1956 802 2044 negleelis,
825 1977 932 2045 agere,
959 1948 999 2027 ’δε
1015 1959 1036 2025 fi
1055 1948 1201 2045 egerent,
1245 1959 1344 2046 ipsum

386 2058 469 2135 forte
491 2057 656 2140 quaesitum
682 2055 916 2140 phaenomenon
936 2046 1107 2143 producere
1131 2058 1272 2143 pnlsent3
1297 2078 1342 2123 re-

353 2222 357 2231 ,
384 2177 460 2225 nera
478 2168 578 2221 temen
597 2159 647 2220 vel
667 2152 774 2221 inertia
794 2157 863 2219 sunt
882 2154 1078 2238 omnimode,
1107 2157 1140 2225 &
1159 2160 1253 2245 plane
1271 2155 1343 2221 nihil

384 2268 496 2344 agunt,
523 2258 573 2319 vel
588 2256 715 2335 saltem,
741 2255 759 2321 sl
782 2251 900 2341 egerint
907 2302 922 2333 ,,
938 2268 993 2333 put
1007 2254 1090 2323 aliud
1104 2254 1179 2341 qnid
1194 2254 1341 2333 efficiunt,

383 2357 469 2438 quod
491 2352 634 2419 facillime
657 2376 727 2421 cum
748 2352 961 2438 phaenomeno
982 2354 1114 2437 quaelito
1128 2353 1343 2431 confunditur,

382 2465 436 2519 nut
452 2454 668 2519 tantummodo
689 2452 867 2521 modificant
890 2451 1143 2536 phaenomenon,
1167 2455 1248 2519 dum
1268 2451 1344 2519 inte·

381 2552 443 2620 rim
458 2573 548 2618 verae
561 2555 663 2619 causae
685 2574 742 2618 nos
757 2551 890 2640 lugiunt.
941 2554 1026 2619 Patet
1039 2541 1132 2641 igitur
1146 2572 1243 2637 qnam
1257 2549 1344 2618 facile

371 2653 436 2729 -fit,
461 2651 541 2718 iniis
557 2652 670 2717 cafibus
689 2672 799 2720 errare
865 2651 909 2716 Ea
928 2651 1088 2718 obseruata
1106 2668 1164 2737 pro
1184 2651 1282 2717 caulis
1296 2651 1345 2718 ha·

262 2786 264 2790 ·
361 2750 470 2829 ·bita;
495 2770 572 2833 quae
593 2763 687 2839 agunt
713 2741 856 2834 quidem,
887 2750 1008 2814 sedvel
1029 2749 1111 2818 alind
1132 2748 1210 2834 quid
1232 2747 1344 2837 produ·

312 2885 331 2912 .·
371 2863 477 2928 cunt,
500 2852 549 2913 vel
564 2847 797 2934 phaenomenon
817 2850 1034 2915 tantummodo
1047 2845 1247 2927 modificant,
1272 2849 1344 2915 sem·

330 3013 333 3020 .
373 2965 438 3035 ¹per
449 2951 517 3016 sunt
530 2947 690 3015 accessoria
706 2946 871 3034 principia,
896 2967 972 3030 qnae
987 2937 1130 3028 eatenus,
1153 2952 1242 3031 quod
1257 2949 1343 3033 phae-

314 3107 316 3112 .
380 3049 507 3116 nomeni
520 3050 636 3114 cansam
650 3048 804 3124 fimulant,
833 3066 929 3131 aeque
945 3046 1043 3112 ncilla
1064 3045 1245 3130 obseruata,
1270 3067 1345 3131 qnae

327 3197 329 3202 -
380 3144 458 3214 nihil
472 3159 584 3233 agunt,
606 3146 752 3231 principia
757 3145 951 3239 stinulatoria
966 3165 1074 3240 vncnre
1087 3147 1184 3213 solco.
1235 3150 1345 3212 Exem-
1384 3197 1386 3204 .

313 3295 315 3300 .
381 3245 467 3325 plum
484 3242 574 3326 primi
594 3246 774 3324 casus,-vbi
795 3263 905 3332 nempe
920 3244 1101 3329 principium
1117 3243 1345 3314 simulatorium

360 3342 469 3425 aplane
489 3339 570 3414 iners
585 3340 645 3418 cst,
676 3340 822 3410 struelnra
843 3363 970 3419 renum,
1001 3344 1124 3410 secundi
1145 3343 1344 3423 ventriculus,
1384 3331 1386 3346 '

307 3479 309 3484 ·
356 3497 361 3512 ,
378 3437 463 3506 tertii
478 3460 532 3505 cor
549 3439 726 3529 embryonis
742 3433 927 3518 exhibebit,
951 3441 982 3521 in
1001 3440 1103 3508 Schnlss
1122 3460 1153 3530 3.
1169 3462 1343 3530 propenen-

372 3525 433 3617 ‘da,
459 3538 531 3621 vbi,
559 3560 636 3623 qnae
650 3538 792 3608 hallenus
805 3537 902 3606 cuilla
914 3541 1000 3623 sunt,
1025 3563 1042 3606 a
1055 3539 1345 3625 posterioriconfir·
1381 3495 1386 3584 i

375 3638 480 3718 mnbp.
508 3639 676 3718 „Tertium
690 3643 813 3714 tandem
828 3635 1035 3717 foecundum,
1060 3638 1345 3718 licetinnp'centiot

376 3736 534 3817 videatur,
560 3760 700 3806 errorum
714 3741 744 3805 in
760 3737 1016 3828 explicationibus
1032 3729 1155 3804 fontem
1171 3729 1343 3813 ed'ucimns,

340 3909 344 3920 ¹
376 3838 499 3926 quando
520 3858 589 3903 cum
606 3838 788 3905 mechanicis
807 3837 926 3926 phylen
941 3836 1106 3922 principia,
1132 3841 1186 3904 vel
1203 3840 1264 3907 alia
1278 3857 1345 3904 con·

326 3947 334 3978 τ
375 3933 554 4014 fundimus,
571 3934 806 4013 'existimantes,·
828 3934 939 4004 ,deberi
960 3933 1215 4019 explicationem.
1230 3938 1347 4006 mecha·

284 4040 288 4049 '
375 4030 468 4111 uicis,
495 4035 527 4100 &
541 4037 692 4120 sperantes
705 4038 806 4114 ide0‚·
819 4037 906 4111 lore,
935 4048 969 4099 vt
983 4035 1015 4100 δι
1031 4054 1081 4112 ea,
1103 4055 1184 4119 qnae
1202 4038 1285 4104 inter
1302 4036 1347 4100 de·

301 4145 304 4156 ¹
358 4127 498 4197 .·llderata
515 4134 614 4200 adhuc
637 4139 847 4210 collocentur,
880 4153 920 4198 cx
940 4127 1131 4198 anatomicis¹
1146 4136 1289 4204 inuentis
1308 4135 1347 4200 in·

321 4296 323 4299 ,
356 4228 547 4318 seligentur
560 4234 693 4308 tandem!
723 4236 989 4316 „llnndamentum
1005 4230 1136 4320 ετιοτίς-1
1152 4236 1289 4326 physicis
1303 4251 1349 4300 ex·
