3359 5075
319 490 442 602 pm.
677 480 742 573 De
768 433 1023 595 vegetatione.
1130 487 1132 494 '
1186 460 1233 494 '¹
1302 502 1366 590 ¹45

372 671 478 745 valido
500 670 634 743 aliarum
658 673 795 763 partimn
814 656 1011 742 incremento
1030 653 1153 751 innita,
1176 665 1289 740 ledori
1310 669 1367 739 fin·

371 779 481 867 gulare
498 772 701 843 formationis
715 772 899 867 mysterium
923 773 1105 849 videatur,
1111 774 1237 840 causas
1226 794 1258 840 ru
1276 772 1365 839 sciro·
1428 800 1430 807 ¹

304 895 321 902 “
371 875 417 944 lio
441 877 547 942 saltem
563 876 717 953 indicare,
743 874 777 942 δι
791 869 956 940 ostendere
968 873 987 939 s
992 876 1058 939 mul
1072 875 1249 939 consultum
1268 875 1365 950 duco,

372 978 509 1045 cosdem
522 972 683 1041 εΗεξὶιις
673 996 705 1041 1n
724 971 954 1062 vegetabilibus
968 971 1063 1060 etiarn
1086 967 1242 1056 praestari
1282 972 1367 1039 Sae-

371 1073 491 1189 pissime
505 1074 653 1140 nimirum
664 1073 775 1140 accidit
790 1079 868 1142 tum
874 1069 906 1137 in
931 1072 1000 1138 fetu
1013 1068 1157 1148 animali,
1180 1082 1250 1149 tum
1268 1071 1380 1147 etiam

372 1172 406 1242 in
426 1173 558 1260 plantis,
582 1189 618 1239 ut
641 1174 764 1250 succi,-
760 1190 834 1257 qur
827 1168 998 1237 hastcnus
1018 1170 1073 1237 vni
1085 1171 1177 1283 parti
1198 1172 1367 1260 diligenter
1389 1211 1411 1248 x
1449 1208 1461 1236 l

374 1274 457 1360 pros
471 1290 626 1349 exerunt,
651 1286 734 1338 nnnc
750 1270 902 1357 incipiant
924 1271 964 1337 ab
978 1291 1014 1337 ea
1028 1253 1185 1367 derivari,
1213 1272 1246 1338 dr
1262 1269 1366 1337 adali·
1442 1268 1445 1279 “

371 1392 430 1438 am
446 1295 581 1455 iiiquam
603 1373 633 1438 se
654 1372 799 1438 conferre
820 1370 946 1457 penitus
966 1370 1074 1444 seusun
1092 1369 1302 1470 sensrmquse
1323 1372 1366 1437 Et

372 1470 448 1537 inde
463 1470 524 1535 hoc
539 1464 779 1559 phaenomenon
799 1468 968 1536 necessario
985 1470 1128 1537 resultata
1153 1491 1243 1555 pars,
1266 1479 1365 1557 aquo

374 1568 558 1637 detinentur
579 1571 681 1650 succi,
704 1569 863 1656 paullatim
877 1567 1033 1635 decrescit
1055 1568 1089 1637 dt
1113 1568 1286 1645 emoritur,
1316 1568 1365 1647 da,

373 1670 395 1735 sa
411 1668 548 1735 adultior
564 1668 708 1756 perfeiiis
722 1667 786 1735 iam
804 1668 881 1735 vasis
896 1664 1149 1756 gauisudsu'erit²
1178 1667 1253 1733 haec
1270 1670 1365 1750 colla·
1433 1675 1436 1682 “
1471 1667 1475 1680 “

373 1769 524 1846 bescunt,
549 1772 773 1845 concrescunt,
799 1771 995 1834 euanescunt.
1037 1766 1147 1834 mona
1171 1788 1250 1832 vcro
1277 1757 1362 1853 patr,
1425 1776 1434 1818 ἑ

373 1871 522 1950 adquam
541 1872 571 1934 se
590 1861 779 1937 conuertunt
793 1868 961 1948 humores,
987 1864 1105 1955 largius
1121 1865 1363 1945 summittitur,

373 1966 507 2032 celerius
531 1969 657 2047 crescit,
684 1968 718 2036 da
738 1964 908 2053 perficitur,
962 1965 1059 2031 Ratio
1081 1984 1159 2050 vero
1179 1962 1276 2032 liniue
1293 1983 1365 2032 rnu-
1410 2018 1414 2031 .

372 2064 504 2132 tationis
529 2070 647 2153 duplex
669 2066 721 2134 est.
763 2058 932 2146 Vcissenim
953 2064 1136 2132 deriuantur
1154 2066 1304 2133 humores
1321 2081 1364 2133 ex

373 2164 549 2253 intercepto
572 2169 875 2250 quomodocumque
904 2167 1068 2231 succorum
1093 2164 1277 2254 transgressu
1298 2175 1370 2252 'per
1466 2162 1469 2169 ’

374 2264 514 2351 priorem
544 2280 683 2352 partem,
716 2268 898 2345 delendam,
934 2266 985 2330 rel
1006 2284 1047 2329 ex
1070 2265 1202 2332 inuento
1226 2263 1364 2332 faciliori

374 2364 501 2430 transrtu
536 2386 592 2450 per
619 2386 737 2432 nouam
762 2380 905 2453 partem,
939 2363 1171 2449 perficiendam„
1234 2363 1363 2432 Veritas

341 2462 596 2550 'propositionis
622 2485 663 2530 ex
680 2464 775 2533 variis
791 2464 946 2549 exemplis
961 2460 1123 2529 constabit.
1173 2462 1366 2554 Primis-igi·

374 2576 427 2629 tur
446 2566 532 2629 casus
553 2569 735 2650 exemplum
762 2554 892 2630 exbibet
913 2561 1082 2649 suppressio
1105 2565 1277 2652 sanguinis,
1297 2583 1362 2650 rper

371 2661 502 2728 arterias
530 2663 724 2731 umbilicales
744 2664 779 2731 da
803 2668 977 2748 placentam
998 2650 1261 2740 transeundas&
1287 2663 1360 2729 irinc
1388 2718 1391 2724 .
1441 2695 1447 2704 f

374 2757 455 2826 rana
474 2762 712 2827 extremitatum
726 2762 913 2830 interiorum
935 2762 968 2828 da
988 2762 1176 2845 pulmonum
1195 2758 1358 2846 perseum,
1442 2776 1444 2783 ’

325 2849 331 2859 ’
373 2859 488 2924 adeo
475 2880 505 2926 m
522 2861 604 2949 play
597 2861 739 2938 olumcrs
752 2874 836 2930 nota
887 2859 1072 2925 Posterioris
1095 2878 1174 2925 vcro
1193 2861 1237 2928 eli
1253 2862 1380 2934 dilata
1438 2916 1447 2928 .

374 2957 422 3022 tio
454 2961 660 3057 pulmonum,
709 2962 743 3028 δι
763 2959 836 3043 hinc
859 2945 938 3039 satia
959 2956 1070 3029 nudus
1093 2961 1228 3026 arteriosr
1245 2958 1362 3029 Rotalli

374 3059 614 3124 concrescentia
663 3060 782 3126 lterum
807 3057 921 3147 prioris
938 3057 1060 3148 generis
1083 3071 1234 3136 euentus,
1259 3063 1360 3126 modo

370 3159 471 3245 gradu
487 3155 622 3227 inferior
635 3159 697 3239 est,
722 3159 872 3243 qnando
862 3179 894 3224 m
909 3156 1295 3246 sanguinea,-quindecim
1308 3181 1363 3224 an-

359 3269 507 3333 norum,
532 3259 584 3322 vel
598 3258 768 3338 eiusmodi,
798 3261 901 3344 puella
920 3279 961 3324 cx
974 3255 1157 3337 resistentia,
1180 3259 1216 3324 in
1230 3259 1367 3328 artubus.

372 3354 408 3423 da
424 3355 551 3440 reliquis
567 3359 711 3442 corporis
725 3359 867 3445 partibus
881 3372 962 3440 nata,
990 3355 1139 3442 copiosus!
1149 3374 1280 3446 arcgctus
1296 3362 1362 3424 san·
1389 3379 1392 3385 ·
1442 3382 1469 3448 ¹r

369 3455 443 3541 guis
460 3459 499 3521 ad
520 3456 638 3540 pubem
658 3458 692 3524 da
715 3456 840 3545 pedore
861 3455 1055 3533 defleilitur,
1080 3458 1115 3524 bt
1135 3457 1187 3523 iila
1205 3458 1363 3524 ¹indetur·
1453 3489 1456 3496 ·

372 3553 486 3642 geleit,
514 3555 548 3622 δι
571 3556 694 3629 menses¹
707 3557 903 3633 excitantur,
928 3555 1141 3623 &mammae
1163 3559 1362 3627 efflorescunt

369 3653 432 3718 dre.
481 3652 667 3720 Posterioris
687 3655 919 3743 generis-casus
939 3654 1004 3732 est,
1027 3642 1153 3738 quando
1173 3656 1204 3721 in
1225 3657 1361 3746 impraef

369 3761 464 3838 gnata
479 3754 609 3819 muliere
628 3773 757 3820 omnem
770 3751 906 3843 deglutit
928 3753 1105 3844 sanguinem
1116 3766 1244 3840 uterus,
1269 3756 1302 3822 dr
1317 3755 1364 3822 fa·
1387 3750 1389 3755 ’
1468 3763 1471 3770 “

369 3848 434 3915 cies
446 3853 582 3935 pallescit
594 3855 656 3920 uc.
707 3853 813 3918 Porro
825 3853 887 3921 hoc
900 3855 1036 3939 pertinet
1048 3856 1262 3921 euancl'centia
1276 3859 1363 3944 glan·
1472 3844 1475 3853 Δ

369 3949 462 4014 dulae
486 3948 628 4039 thymus,
656 3951 689 4018 ἃ
708 3953 903 4038 capsularnm
924 3950 1095 4027 renalium,
1124 3953 1244 4038 aliaque
1261 3961 1361 4042 plura.

367 4045 404 4112 in
423 4051 534 4134 plantis
549 4052 767 4135 quotidianum
782 4051 940 4139 partium,
968 4052 1002 4120 dt
1019 4051 1150 4136 quidem
1166 4047 1209 4118 ci
1223 4049 1373 4125 faciliori.
1414 4110 1417 4117 .

348 4144 495 4214 *inuenta
506 4152 686 4236 receptione
704 4153 883 4230 succorum,
904 4151 1149 4219 decrescentium
1166 4154 1201 4219 dt
1216 4159 1362 4221 deciden-

364 4245 469 4329 uum,
493 4253 679 4349 exemplum
694 4245 832 4319 efferum
839 4250 927 4329 folia
948 4255 1076 4331 adulta,
1101 4254 1179 4320 dum
1197 4274 1237 4322 eo
1254 4252 1363 4322 celeri

805 4349 1468 4447 ¹K⁴‚ua=

1103 4451 1118 4491 Ι
