3359 5075
323 536 444 684 §3302
505 567 522 608 -·
653 522 743 627 'De
763 545 1014 667 vegetatione.
1140 573 1185 601 ³
1293 568 1364 647 149
1446 661 1448 667 Ι

326 727 365 801 in
387 725 487 803 nores
511 727 678 831 excretio.
718 716 857 829 Neque
880 729 1025 807 viderer
1045 729 1165 804 minus
1187 711 1356 820 fiucetus,

326 835 550 943 stfingetetn
574 865 642 943 pro
663 843 873 942 explicando
895 839 1006 929 mndn'
1027 840 1247 955 formationis
1269 863 1311 912 v.
1317 863 1356 942 g.

326 949 500 1054 glomeris
520 958 627 1062 muci,
655 954 842 1032 vesiculam
858 942 1106 1053 iuuisrbilem,
1117 958 1153 1029 in
1178 953 1357 1066 principio
1392 981 1403 1000 2

325 1059 463 1141 retum'
479 1089 648 1159 creatam,
671 1094 797 1172 nunc
789 1095 877 1160 vero
901 1067 1039 1167 liquido
1059 1063 1265 1168 impulsum
1286 1088 1356 1139 mn
1371 1143 1373 1149 ,

325 1178 384 1254 ius
402 1163 782 1284 voluniepdistenftnt
794 1173 1288 1274 hincvtfibrlemredditam,
1315 1201 1356 1253 nc

325 1287 353 1366 fi
368 1288 550 1368 statuerem
563 1292 810 1396 corpusculum
822 1318 1002 1387 creatum,
1030 1290 1201 1370 inuifibile
1217 1287 1355 1391 praexi-

325 1399 438 1496 stens,
466 1405 706 1485 euoluendum
727 1407 877 1510 impulso
900 1405 1026 1503 succo,
1052 1433 1122 1509 pto
1141 1399 1353 1504 explicando

325 1540 409 1592 ortu
432 1518 541 1595 huius
564 1519 753 1597 celiulosoe
762 1522 899 1598 reunlis.
952 1523 1051 1597 Nom
1072 1520 1160 1595 nihil
1175 1511 1352 1591 artificiofi

323 1630 361 1704 in
384 1630 449 1704 hoc
472 1655 643 1732 apparet,
670 1630 771 1733 quod
794 1659 867 1709 non
892 1657 1006 1763 neque
1031 1637 1070 1707 in
1086 1632 1145 1706 illo
1167 1626 1352 1704 ostendere

323 1739 480 1843 possem,
509 1768 663 1846 praeter
690 1739 862 1850 giobulns
888 1750 982 1821 euim
1004 1748 1084 1821 laxe
1104 1743 1366 1833 cohaerentes,

323 1859 440 1959 tnagis
459 1856 519 1950 vel
537 1860 656 1936 minus
672 1858 867 1976 perfetios,
894 1855 1046 1978 utruque
1061 1853 1245 1933 substantia
1266 1851 1354 1927 nihil

322 1968 494 2071 poilidet‚
531 1969 577 2048 ot
597 1970 722 2051 eedem
752 1969 878 2065 dubia,
919 1995 1012 2072 quoe
1039 1970 1237 2047 monebis
1222 1989 1353 2042 contro

296 2083 430 2186 ,telem
447 2082 617 2188 geneseos
640 2089 737 2166 muci
761 2086 955 2174 theoriam,
996 2109 1110 2182 neque
1135 2081 1352 2185 pugnabunt

321 2219 444 2274 contro
477 2224 907 2282 neuweuuoecxtt
938 2200 1122 2303 &magui
1148 2216 1364 2284 ororetu-¹

322 2330 399 2385 ortt
429 2285 626 2390 sententias.
697 2313 844 2391 Exinde
861 2310 1060 2406 concludo,
1084 2308 1189 2410 quod
1213 2307 1354 2384 cellulu-

319 2418 355 2499 sa
375 2426 510 2532 tentiis
526 2449 667 2506 excreta
687 2427 818 2542 fuerit.

425 2590 524 2662 schol.
533 2619 557 2663 r.
609 2595 730 2664 Possem
748 2595 826 2664 hanc
845 2560 1064 2683 probationem
1085 2589 1215 2677 ulterius
1230 2609 1353 2678 urgere,

366 2695 421 2760 sed
437 2697 585 2779 quoniam
600 2695 661 2763 hoc
673 2696 730 2764 vix
742 2696 814 2764 'fieri
829 2696 950 2783 potest,
973 2694 1047 2779 quiu
1068 2693 1157 2758 simul
1181 2689 1354 2756 contrariae

366 2795 536 2864 sententiae
556 2797 793 2883 quodammodo
814 2797 903 2882 parui
921 2796 1110 2875 habeantur,
1144 2792 1178 2858 dt
1191 2804 1353 2876 praeterea
1443 2806 1447 2815 ’

367 2890 545 2963 institutum
562 2895 638 2964 mihi
651 2894 714 2974 est,
731 2916 803 2981 ⁸non
814 2895 988 2983 disputare,
1010 2895 1094 2961 mulo
1107 2890 1300 2974 acquiescere
1317 2886 1350 2953 in

365 2989 460 3059 hisce.
509 2998 624 3082 Neque
638 2995 731 3062 etiem
746 2997 835 3081 pluro
848 2995 1008 3082 proferam
1025 2996 1169 3078 exempla
1182 2988 1348 3065 viscerum,

362 3091 481 3182 quippe
508 3094 586 3163 haec
611 3093 769 3183 proposita
795 3093 950 3162 sufficient
977 3095 1016 3160 ad
1044 3092 1227 3158 firmandam
1250 3085 1349 3165 theson

362 3212 468 3260 meam
490 3196 530 3261 de
549 3192 769 3285 vegetatione,
808 3196 923 3261 eodem
948 3193 1074 3284 prorsus
1101 3192 1217 3266 modo,
1250 3207 1286 3253 ac
1310 3185 1345 3253 in

359 3292 475 3379 plantis
489 3315 525 3361 et
539 3294 691 3385 explicata
704 3291 763 3376 est,
789 3290 921 3408 perusin.
991 3295 1035 3359 At
1052 3312 1130 3358 vero
1142 3289 1259 3375 spinam
1274 3288 1348 3353 dor-

342 3391 404 3469 Δ,
426 3414 499 3462 euru
514 3396 705 3480 reliquarum
722 3394 866 3508 partium
872 3386 1112 3461 fundamentum
1127 3389 1347 3484 nuntiumque,

361 3509 440 3572 quae
453 3509 685 3572 excernuntur
720 3515 823 3581 pntut
826 3483 888 3575 fit
917 3513 1089 3577 quaenam,
1112 3479 1247 3572 quaeso,
1274 3505 1346 3569 pars

359 3591 523 3661 excernit?
584 3596 703 3661 Ouum
716 3592 965 3678 proculdubio!
1022 3594 1062 3658 Et
1078 3583 1202 3655 ouum?
1257 3587 1345 3651 Oue-
1424 3640 1428 3646 .

357 3686 460 3755 rium!
511 3693 596 3758 Nom
619 3687 747 3768 ultima,
769 3711 851 3775 quae
868 3691 1014 3783 proxime
1030 3712 1047 3756 a
1063 3687 1155 3772 spina
1174 3681 1342 3770 proficisci·

357 3796 430 3865 tur,
454 3792 631 3877 vegetatio,
655 3788 974 3881 nutriumexceruit3
999 3789 1085 3874 quod
1101 3784 1344 3870 postquamcor-
1381 3838 1383 3843 .

355 3890 574 3972 pusluteutn,
601 3887 688 3973 quod
704 3882 895 3969 vo'cant·‚.:in
920 3885 1194 3974 quadrupedibus,
1228 3903 1341 3950 ouum·

357 3985 688 4071 que,absque-tan1eu
705 3991 830 4068 omnin,
853 3989 1030 4064 inanibus,
1062 3985 1220 4055 excreuit.
1245 4004 1339 4071 vege-

351 4085 433 4152 tatio
449 4087 553 4154 omnis
566 4087 598 4155 in
615 4090 789 4178 emhrpune
801 4088 893 4158 restat
906 4091 974 4171 (ed.
983 4107 1082 4179 genu.
1094 4105 1123 4171 p.
1136 4104 1216 4151 eno.
1229 4101 1272 4148 22
1281 4083 1339 4162 1.).

315 4232 318 4237 -
354 4185 519 4264 Ceterum,
545 4208 605 4272 pro
619 4189 850 4273 excretionu'nt,
866 4190 928 4258 nbi
942 4183 1185 4260 succedentium,
1206 4182 1338 4262 ratione,

352 4285 444 4357 suum
464 4285 703 4378 emhryofitum
719 4303 899 4378 permutat..
945 4288 983 4361 lo
1002 4293 1099 4358 latere
1115 4281 1336 4354 euimrecum-
1372 4326 1379 4333 -

675 4422 682 4437 r
792 4389 873 4473 xa
1274 4379 1336 4466 bit,
